<?xml version="1.0" encoding="UTF-8"?><record xmlns="http://www.loc.gov/MARC21/slim" xmlns:cinclude="http://apache.org/cocoon/include/1.0" xmlns:zs="http://www.loc.gov/zing/srw/">
  <leader>00474nz  a2200121n  4500</leader>
  <controlfield tag="001">n  93004067 </controlfield>
  <controlfield tag="003">DLC</controlfield>
  <controlfield tag="005">19930114175629.9</controlfield>
  <controlfield tag="008">930114n| acannaab|          |n aaa |||  </controlfield>
  <datafield tag="010" ind1=" " ind2=" ">
    <subfield code="a">n  93004067 </subfield>
  </datafield>
  <datafield tag="040" ind1=" " ind2=" ">
    <subfield code="a">DLC</subfield>
    <subfield code="c">DLC</subfield>
  </datafield>
  <datafield tag="100" ind1="1" ind2="0">
    <subfield code="a">Fanesi, Pietro Rinaldo,</subfield>
    <subfield code="d">1953-</subfield>
  </datafield>
  <datafield tag="670" ind1=" " ind2=" ">
    <subfield code="a">His Verso l'altra Italia, c1991:</subfield>
    <subfield code="b">t.p. (Pietro Rinaldo Fanesi) spine (P.R. Fanesi) cover p. 4 (b. Ancona, 1953; syndicalist; does editing for "Storia e problemi contemporanei" and writes for "Latinoamerica")</subfield>
  </datafield>
</record>